%YAML 1.1
%TAG !u! tag:unity3d.com,2011:
--- !u!29 &1
SceneSettings:
  m_ObjectHideFlags: 0
  m_PVSData: 
  m_PVSObjectsArray: []
  m_PVSPortalsArray: []
  m_OcclusionBakeSettings:
    smallestOccluder: 5
    smallestHole: .25
    backfaceThreshold: 100
--- !u!104 &2
RenderSettings:
  m_Fog: 0
  m_FogColor: {r: .5, g: .5, b: .5, a: 1}
  m_FogMode: 3
  m_FogDensity: .00999999978
  m_LinearFogStart: 0
  m_LinearFogEnd: 300
  m_AmbientLight: {r: .200000003, g: .200000003, b: .200000003, a: 1}
  m_SkyboxMaterial: {fileID: 0}
  m_HaloStrength: .5
  m_FlareStrength: 1
  m_FlareFadeSpeed: 3
  m_HaloTexture: {fileID: 0}
  m_SpotCookie: {fileID: 0}
  m_ObjectHideFlags: 0
--- !u!127 &3
LevelGameManager:
  m_ObjectHideFlags: 0
--- !u!157 &4
LightmapSettings:
  m_ObjectHideFlags: 0
  m_LightProbes: {fileID: 0}
  m_Lightmaps: []
  m_LightmapsMode: 1
  m_BakedColorSpace: 0
  m_UseDualLightmapsInForward: 0
  m_LightmapEditorSettings:
    m_Resolution: 50
    m_LastUsedResolution: 0
    m_TextureWidth: 1024
    m_TextureHeight: 1024
    m_BounceBoost: 1
    m_BounceIntensity: 1
    m_SkyLightColor: {r: .860000014, g: .930000007, b: 1, a: 1}
    m_SkyLightIntensity: 0
    m_Quality: 0
    m_Bounces: 1
    m_FinalGatherRays: 1000
    m_FinalGatherContrastThreshold: .0500000007
    m_FinalGatherGradientThreshold: 0
    m_FinalGatherInterpolationPoints: 15
    m_AOAmount: 0
    m_AOMaxDistance: .100000001
    m_AOContrast: 1
    m_LODSurfaceMappingDistance: 1
    m_Padding: 0
    m_TextureCompression: 0
    m_LockAtlas: 0
--- !u!196 &5
NavMeshSettings:
  m_ObjectHideFlags: 0
  m_BuildSettings:
    agentRadius: .5
    agentHeight: 2
    agentSlope: 45
    agentClimb: .400000006
    ledgeDropHeight: 0
    maxJumpAcrossDistance: 0
    accuratePlacement: 0
    minRegionArea: 2
    widthInaccuracy: 16.666666
    heightInaccuracy: 10
  m_NavMesh: {fileID: 0}
--- !u!1 &14523693
GameObject:
  m_ObjectHideFlags: 0
  m_PrefabParentObject: {fileID: 100000, guid: 1ecd8f7d2204349608a38751d7098c6f, type: 2}
  m_PrefabInternal: {fileID: 815022311}
  serializedVersion: 4
  m_Component:
  - 4: {fileID: 14523694}
  m_Layer: 0
  m_Name: CameraTarget
  m_TagString: Untagged
  m_Icon: {fileID: 0}
  m_NavMeshLayer: 0
  m_StaticEditorFlags: 0
  m_IsActive: 1
--- !u!4 &14523694
Transform:
  m_ObjectHideFlags: 0
  m_PrefabParentObject: {fileID: 400000, guid: 1ecd8f7d2204349608a38751d7098c6f, type: 2}
  m_PrefabInternal: {fileID: 815022311}
  m_GameObject: {fileID: 14523693}
  m_LocalRotation: {x: 0, y: 0, z: 0, w: 1}
  m_LocalPosition: {x: 0, y: 1, z: 0}
  m_LocalScale: {x: .564482868, y: .564483702, z: 1}
  m_Children: []
  m_Father: {fileID: 1692877718}
  m_RootOrder: 2
--- !u!1 &80796759
GameObject:
  m_ObjectHideFlags: 0
  m_PrefabParentObject: {fileID: 0}
  m_PrefabInternal: {fileID: 0}
  serializedVersion: 4
  m_Component:
  - 4: {fileID: 80796760}
  - 212: {fileID: 80796762}
  - 61: {fileID: 80796761}
  m_Layer: 0
  m_Name: Ground_large
  m_TagString: Untagged
  m_Icon: {fileID: 0}
  m_NavMeshLayer: 0
  m_StaticEditorFlags: 0
  m_IsActive: 1
--- !u!4 &80796760
Transform:
  m_ObjectHideFlags: 0
  m_PrefabParentObject: {fileID: 0}
  m_PrefabInternal: {fileID: 0}
  m_GameObject: {fileID: 80796759}
  m_LocalRotation: {x: 0, y: 0, z: 0, w: 1}
  m_LocalPosition: {x: 0, y: -4, z: 0}
  m_LocalScale: {x: 6, y: 1, z: 1}
  m_Children: []
  m_Father: {fileID: 1673858440}
  m_RootOrder: 0
--- !u!61 &80796761
BoxCollider2D:
  m_ObjectHideFlags: 0
  m_PrefabParentObject: {fileID: 0}
  m_PrefabInternal: {fileID: 0}
  m_GameObject: {fileID: 80796759}
  m_Enabled: 1
  m_Material: {fileID: 0}
  m_IsTrigger: 0
  m_Size: {x: 5, y: 5}
  m_Center: {x: 0, y: 0}
--- !u!212 &80796762
SpriteRenderer:
  m_ObjectHideFlags: 0
  m_PrefabParentObject: {fileID: 0}
  m_PrefabInternal: {fileID: 0}
  m_GameObject: {fileID: 80796759}
  m_Enabled: 1
  m_CastShadows: 0
  m_ReceiveShadows: 0
  m_LightmapIndex: 255
  m_LightmapTilingOffset: {x: 1, y: 1, z: 0, w: 0}
  m_Materials:
  - {fileID: 10754, guid: 0000000000000000e000000000000000, type: 0}
  m_SubsetIndices: 
  m_StaticBatchRoot: {fileID: 0}
  m_UseLightProbes: 0
  m_LightProbeAnchor: {fileID: 0}
  m_ScaleInLightmap: 1
  m_SortingLayerID: 0
  m_SortingOrder: -1
  m_Sprite: {fileID: 21300000, guid: d23503443ef05449da7afed8196ed541, type: 3}
  m_Color: {r: 1, g: 1, b: 1, a: 1}
--- !u!1 &120306090
GameObject:
  m_ObjectHideFlags: 0
  m_PrefabParentObject: {fileID: 100000, guid: 81890fedcbc224fcdbe49d859aab3205, type: 2}
  m_PrefabInternal: {fileID: 245954765}
  serializedVersion: 4
  m_Component:
  - 4: {fileID: 120306095}
  - 20: {fileID: 120306094}
  - 92: {fileID: 120306093}
  - 124: {fileID: 120306092}
  - 81: {fileID: 120306091}
  - 114: {fileID: 120306096}
  m_Layer: 0
  m_Name: MainCamera
  m_TagString: MainCamera
  m_Icon: {fileID: 0}
  m_NavMeshLayer: 0
  m_StaticEditorFlags: 0
  m_IsActive: 1
--- !u!81 &120306091
AudioListener:
  m_ObjectHideFlags: 0
  m_PrefabParentObject: {fileID: 8100000, guid: 81890fedcbc224fcdbe49d859aab3205,
    type: 2}
  m_PrefabInternal: {fileID: 245954765}
  m_GameObject: {fileID: 120306090}
  m_Enabled: 1
--- !u!124 &120306092
Behaviour:
  m_ObjectHideFlags: 0
  m_PrefabParentObject: {fileID: 12400000, guid: 81890fedcbc224fcdbe49d859aab3205,
    type: 2}
  m_PrefabInternal: {fileID: 245954765}
  m_GameObject: {fileID: 120306090}
  m_Enabled: 1
--- !u!92 &120306093
Behaviour:
  m_ObjectHideFlags: 0
  m_PrefabParentObject: {fileID: 9200000, guid: 81890fedcbc224fcdbe49d859aab3205,
    type: 2}
  m_PrefabInternal: {fileID: 245954765}
  m_GameObject: {fileID: 120306090}
  m_Enabled: 1
--- !u!20 &120306094
Camera:
  m_ObjectHideFlags: 0
  m_PrefabParentObject: {fileID: 2000000, guid: 81890fedcbc224fcdbe49d859aab3205,
    type: 2}
  m_PrefabInternal: {fileID: 245954765}
  m_GameObject: {fileID: 120306090}
  m_Enabled: 1
  serializedVersion: 2
  m_ClearFlags: 1
  m_BackGroundColor: {r: .147058845, g: .147058845, b: .147058845, a: .0196078438}
  m_NormalizedViewPortRect:
    serializedVersion: 2
    x: 0
    y: 0
    width: 1
    height: 1
  near clip plane: .300000012
  far clip plane: 1000
  field of view: 60
  orthographic: 1
  orthographic size: 5
  m_Depth: -1
  m_CullingMask:
    serializedVersion: 2
    m_Bits: 4294967295
  m_RenderingPath: -1
  m_TargetTexture: {fileID: 0}
  m_TargetDisplay: 0
  m_HDR: 0
  m_OcclusionCulling: 1
  m_StereoConvergence: 10
  m_StereoSeparation: .0219999999
--- !u!4 &120306095
Transform:
  m_ObjectHideFlags: 0
  m_PrefabParentObject: {fileID: 400000, guid: 81890fedcbc224fcdbe49d859aab3205, type: 2}
  m_PrefabInternal: {fileID: 245954765}
  m_GameObject: {fileID: 120306090}
  m_LocalRotation: {x: 0, y: 0, z: 0, w: 1}
  m_LocalPosition: {x: 0, y: 1.20000005, z: -10}
  m_LocalScale: {x: 1, y: 1, z: 1}
  m_Children: []
  m_Father: {fileID: 0}
  m_RootOrder: 1
--- !u!114 &120306096
MonoBehaviour:
  m_ObjectHideFlags: 0
  m_PrefabParentObject: {fileID: 11400000, guid: 81890fedcbc224fcdbe49d859aab3205,
    type: 2}
  m_PrefabInternal: {fileID: 245954765}
  m_GameObject: {fileID: 120306090}
  m_Enabled: 1
  m_EditorHideFlags: 0
  m_Script: {fileID: 11500000, guid: 5d8238cc53530b64fbb7828c3d3bb591, type: 3}
  m_Name: 
  m_EditorClassIdentifier: 
  target: {fileID: 14523694}
  damping: .400000006
  lookAheadFactor: 3
  lookAheadReturnSpeed: .800000012
  lookAheadMoveThreshold: .100000001
--- !u!1 &123131988
GameObject:
  m_ObjectHideFlags: 0
  m_PrefabParentObject: {fileID: 100002, guid: 1ecd8f7d2204349608a38751d7098c6f, type: 2}
  m_PrefabInternal: {fileID: 815022311}
  serializedVersion: 4
  m_Component:
  - 4: {fileID: 123131989}
  m_Layer: 8
  m_Name: CeilingCheck
  m_TagString: Untagged
  m_Icon: {fileID: -2065832391, guid: 0000000000000000d000000000000000, type: 0}
  m_NavMeshLayer: 0
  m_StaticEditorFlags: 0
  m_IsActive: 1
--- !u!4 &123131989
Transform:
  m_ObjectHideFlags: 0
  m_PrefabParentObject: {fileID: 400002, guid: 1ecd8f7d2204349608a38751d7098c6f, type: 2}
  m_PrefabInternal: {fileID: 815022311}
  m_GameObject: {fileID: 123131988}
  m_LocalRotation: {x: 0, y: 0, z: 0, w: 1}
  m_LocalPosition: {x: 0, y: .360000014, z: 0}
  m_LocalScale: {x: 1, y: 1, z: 1}
  m_Children: []
  m_Father: {fileID: 1692877718}
  m_RootOrder: 1
--- !u!1 &136992490
GameObject:
  m_ObjectHideFlags: 0
  m_PrefabParentObject: {fileID: 100008, guid: 1ecd8f7d2204349608a38751d7098c6f, type: 2}
  m_PrefabInternal: {fileID: 815022311}
  serializedVersion: 4
  m_Component:
  - 4: {fileID: 136992491}
  - 58: {fileID: 136992493}
  - 114: {fileID: 136992492}
  m_Layer: 0
  m_Name: Hand
  m_TagString: Untagged
  m_Icon: {fileID: -2065832391, guid: 0000000000000000d000000000000000, type: 0}
  m_NavMeshLayer: 0
  m_StaticEditorFlags: 0
  m_IsActive: 1
--- !u!4 &136992491
Transform:
  m_ObjectHideFlags: 0
  m_PrefabParentObject: {fileID: 400008, guid: 1ecd8f7d2204349608a38751d7098c6f, type: 2}
  m_PrefabInternal: {fileID: 815022311}
  m_GameObject: {fileID: 136992490}
  m_LocalRotation: {x: 0, y: 0, z: 0, w: 1}
  m_LocalPosition: {x: .331523895, y: -.0629257858, z: 0}
  m_LocalScale: {x: .5, y: .5, z: .5}
  m_Children: []
  m_Father: {fileID: 1692877718}
  m_RootOrder: 3
--- !u!114 &136992492
MonoBehaviour:
  m_ObjectHideFlags: 0
  m_PrefabParentObject: {fileID: 11400004, guid: 1ecd8f7d2204349608a38751d7098c6f,
    type: 2}
  m_PrefabInternal: {fileID: 815022311}
  m_GameObject: {fileID: 136992490}
  m_Enabled: 1
  m_EditorHideFlags: 0
  m_Script: {fileID: 11500000, guid: 6ab35c32eab4d4b42a7d2a3ecefbb4cb, type: 3}
  m_Name: 
  m_EditorClassIdentifier: 
  pickableObjTag: Pickable
  objTaken: {fileID: 0}
--- !u!58 &136992493
CircleCollider2D:
  m_ObjectHideFlags: 0
  m_PrefabParentObject: {fileID: 5800002, guid: 1ecd8f7d2204349608a38751d7098c6f,
    type: 2}
  m_PrefabInternal: {fileID: 815022311}
  m_GameObject: {fileID: 136992490}
  m_Enabled: 1
  m_Material: {fileID: 0}
  m_IsTrigger: 1
  m_Radius: .200000003
  m_Center: {x: 0, y: 0}
--- !u!1001 &245954765
Prefab:
  m_ObjectHideFlags: 0
  serializedVersion: 2
  m_Modification:
    m_TransformParent: {fileID: 0}
    m_Modifications:
    - target: {fileID: 400000, guid: 81890fedcbc224fcdbe49d859aab3205, type: 2}
      propertyPath: m_LocalPosition.x
      value: 0
      objectReference: {fileID: 0}
    - target: {fileID: 400000, guid: 81890fedcbc224fcdbe49d859aab3205, type: 2}
      propertyPath: m_LocalPosition.y
      value: 1.20000005
      objectReference: {fileID: 0}
    - target: {fileID: 400000, guid: 81890fedcbc224fcdbe49d859aab3205, type: 2}
      propertyPath: m_LocalPosition.z
      value: -10
      objectReference: {fileID: 0}
    - target: {fileID: 400000, guid: 81890fedcbc224fcdbe49d859aab3205, type: 2}
      propertyPath: m_LocalRotation.x
      value: 0
      objectReference: {fileID: 0}
    - target: {fileID: 400000, guid: 81890fedcbc224fcdbe49d859aab3205, type: 2}
      propertyPath: m_LocalRotation.y
      value: 0
      objectReference: {fileID: 0}
    - target: {fileID: 400000, guid: 81890fedcbc224fcdbe49d859aab3205, type: 2}
      propertyPath: m_LocalRotation.z
      value: 0
      objectReference: {fileID: 0}
    - target: {fileID: 400000, guid: 81890fedcbc224fcdbe49d859aab3205, type: 2}
      propertyPath: m_LocalRotation.w
      value: 1
      objectReference: {fileID: 0}
    - target: {fileID: 400000, guid: 81890fedcbc224fcdbe49d859aab3205, type: 2}
      propertyPath: m_RootOrder
      value: 1
      objectReference: {fileID: 0}
    - target: {fileID: 11400000, guid: 81890fedcbc224fcdbe49d859aab3205, type: 2}
      propertyPath: target
      value: 
      objectReference: {fileID: 14523694}
    - target: {fileID: 2000000, guid: 81890fedcbc224fcdbe49d859aab3205, type: 2}
      propertyPath: m_BackGroundColor.r
      value: .147058845
      objectReference: {fileID: 0}
    - target: {fileID: 2000000, guid: 81890fedcbc224fcdbe49d859aab3205, type: 2}
      propertyPath: m_BackGroundColor.g
      value: .147058845
      objectReference: {fileID: 0}
    - target: {fileID: 2000000, guid: 81890fedcbc224fcdbe49d859aab3205, type: 2}
      propertyPath: m_BackGroundColor.b
      value: .147058845
      objectReference: {fileID: 0}
    m_RemovedComponents: []
  m_ParentPrefab: {fileID: 100100000, guid: 81890fedcbc224fcdbe49d859aab3205, type: 2}
  m_RootGameObject: {fileID: 120306090}
  m_IsPrefabParent: 0
  m_IsExploded: 1
--- !u!1 &747842953
GameObject:
  m_ObjectHideFlags: 0
  m_PrefabParentObject: {fileID: 0}
  m_PrefabInternal: {fileID: 0}
  serializedVersion: 4
  m_Component:
  - 4: {fileID: 747842954}
  - 114: {fileID: 747842955}
  m_Layer: 0
  m_Name: ParralaxSprites
  m_TagString: Untagged
  m_Icon: {fileID: 0}
  m_NavMeshLayer: 0
  m_StaticEditorFlags: 0
  m_IsActive: 1
--- !u!4 &747842954
Transform:
  m_ObjectHideFlags: 0
  m_PrefabParentObject: {fileID: 0}
  m_PrefabInternal: {fileID: 0}
  m_GameObject: {fileID: 747842953}
  m_LocalRotation: {x: 0, y: 0, z: 0, w: 1}
  m_LocalPosition: {x: 0, y: 0, z: 0}
  m_LocalScale: {x: 1, y: 1, z: 1}
  m_Children:
  - {fileID: 1728374540}
  - {fileID: 1796074123}
  m_Father: {fileID: 0}
  m_RootOrder: 2
--- !u!114 &747842955
MonoBehaviour:
  m_ObjectHideFlags: 0
  m_PrefabParentObject: {fileID: 0}
  m_PrefabInternal: {fileID: 0}
  m_GameObject: {fileID: 747842953}
  m_Enabled: 1
  m_EditorHideFlags: 0
  m_Script: {fileID: 11500000, guid: a8ba6055fd64e427cb6c12de0ec55a4b, type: 3}
  m_Name: 
  m_EditorClassIdentifier: 
  backgrounds:
  - {fileID: 1728374540}
  - {fileID: 1796074123}
  smoothing: 1.5
--- !u!1001 &815022311
Prefab:
  m_ObjectHideFlags: 0
  serializedVersion: 2
  m_Modification:
    m_TransformParent: {fileID: 0}
    m_Modifications:
    - target: {fileID: 400006, guid: 1ecd8f7d2204349608a38751d7098c6f, type: 2}
      propertyPath: m_LocalPosition.x
      value: 0
      objectReference: {fileID: 0}
    - target: {fileID: 400006, guid: 1ecd8f7d2204349608a38751d7098c6f, type: 2}
      propertyPath: m_LocalPosition.y
      value: -.75
      objectReference: {fileID: 0}
    - target: {fileID: 400006, guid: 1ecd8f7d2204349608a38751d7098c6f, type: 2}
      propertyPath: m_LocalPosition.z
      value: 0
      objectReference: {fileID: 0}
    - target: {fileID: 400006, guid: 1ecd8f7d2204349608a38751d7098c6f, type: 2}
      propertyPath: m_LocalRotation.x
      value: 0
      objectReference: {fileID: 0}
    - target: {fileID: 400006, guid: 1ecd8f7d2204349608a38751d7098c6f, type: 2}
      propertyPath: m_LocalRotation.y
      value: 0
      objectReference: {fileID: 0}
    - target: {fileID: 400006, guid: 1ecd8f7d2204349608a38751d7098c6f, type: 2}
      propertyPath: m_LocalRotation.z
      value: 0
      objectReference: {fileID: 0}
    - target: {fileID: 400006, guid: 1ecd8f7d2204349608a38751d7098c6f, type: 2}
      propertyPath: m_LocalRotation.w
      value: 1
      objectReference: {fileID: 0}
    - target: {fileID: 400006, guid: 1ecd8f7d2204349608a38751d7098c6f, type: 2}
      propertyPath: m_RootOrder
      value: 0
      objectReference: {fileID: 0}
    - target: {fileID: 11400006, guid: 1ecd8f7d2204349608a38751d7098c6f, type: 2}
      propertyPath: m_Enabled
      value: 1
      objectReference: {fileID: 0}
    m_RemovedComponents: []
  m_ParentPrefab: {fileID: 100100000, guid: 1ecd8f7d2204349608a38751d7098c6f, type: 2}
  m_RootGameObject: {fileID: 1692877710}
  m_IsPrefabParent: 0
  m_IsExploded: 1
--- !u!1 &1286884720
GameObject:
  m_ObjectHideFlags: 0
  m_PrefabParentObject: {fileID: 100004, guid: 1ecd8f7d2204349608a38751d7098c6f, type: 2}
  m_PrefabInternal: {fileID: 815022311}
  serializedVersion: 4
  m_Component:
  - 4: {fileID: 1286884721}
  m_Layer: 8
  m_Name: GroundCheck
  m_TagString: Untagged
  m_Icon: {fileID: -2065832391, guid: 0000000000000000d000000000000000, type: 0}
  m_NavMeshLayer: 0
  m_StaticEditorFlags: 0
  m_IsActive: 1
--- !u!4 &1286884721
Transform:
  m_ObjectHideFlags: 0
  m_PrefabParentObject: {fileID: 400004, guid: 1ecd8f7d2204349608a38751d7098c6f, type: 2}
  m_PrefabInternal: {fileID: 815022311}
  m_GameObject: {fileID: 1286884720}
  m_LocalRotation: {x: 0, y: 0, z: 0, w: 1}
  m_LocalPosition: {x: 0, y: -.38534832, z: 0}
  m_LocalScale: {x: .564482868, y: .564483702, z: 1}
  m_Children: []
  m_Father: {fileID: 1692877718}
  m_RootOrder: 0
--- !u!1 &1673858439
GameObject:
  m_ObjectHideFlags: 0
  m_PrefabParentObject: {fileID: 0}
  m_PrefabInternal: {fileID: 0}
  serializedVersion: 4
  m_Component:
  - 4: {fileID: 1673858440}
  m_Layer: 0
  m_Name: Level
  m_TagString: Untagged
  m_Icon: {fileID: 0}
  m_NavMeshLayer: 0
  m_StaticEditorFlags: 0
  m_IsActive: 1
--- !u!4 &1673858440
Transform:
  m_ObjectHideFlags: 0
  m_PrefabParentObject: {fileID: 0}
  m_PrefabInternal: {fileID: 0}
  m_GameObject: {fileID: 1673858439}
  m_LocalRotation: {x: 0, y: 0, z: 0, w: 1}
  m_LocalPosition: {x: 0, y: 0, z: 0}
  m_LocalScale: {x: 1, y: 1, z: 1}
  m_Children:
  - {fileID: 80796760}
  m_Father: {fileID: 0}
  m_RootOrder: 3
--- !u!1 &1692877710
GameObject:
  m_ObjectHideFlags: 0
  m_PrefabParentObject: {fileID: 100006, guid: 1ecd8f7d2204349608a38751d7098c6f, type: 2}
  m_PrefabInternal: {fileID: 815022311}
  serializedVersion: 4
  m_Component:
  - 4: {fileID: 1692877718}
  - 212: {fileID: 1692877717}
  - 95: {fileID: 1692877716}
  - 50: {fileID: 1692877714}
  - 58: {fileID: 1692877715}
  - 61: {fileID: 1692877711}
  - 114: {fileID: 1692877712}
  - 114: {fileID: 1692877713}
  - 114: {fileID: 1692877721}
  - 114: {fileID: 1692877720}
  - 114: {fileID: 1692877719}
  - 82: {fileID: 1692877722}
  m_Layer: 8
  m_Name: Player
  m_TagString: Player
  m_Icon: {fileID: 0}
  m_NavMeshLayer: 0
  m_StaticEditorFlags: 0
  m_IsActive: 1
--- !u!61 &1692877711
BoxCollider2D:
  m_ObjectHideFlags: 0
  m_PrefabParentObject: {fileID: 6100000, guid: 1ecd8f7d2204349608a38751d7098c6f,
    type: 2}
  m_PrefabInternal: {fileID: 815022311}
  m_GameObject: {fileID: 1692877710}
  m_Enabled: 1
  m_Material: {fileID: 0}
  m_IsTrigger: 0
  m_Size: {x: .25, y: .469999999}
  m_Center: {x: 0, y: .119999997}
--- !u!114 &1692877712
MonoBehaviour:
  m_ObjectHideFlags: 0
  m_PrefabParentObject: {fileID: 11400000, guid: 1ecd8f7d2204349608a38751d7098c6f,
    type: 2}
  m_PrefabInternal: {fileID: 815022311}
  m_GameObject: {fileID: 1692877710}
  m_Enabled: 1
  m_EditorHideFlags: 0
  m_Script: {fileID: 11500000, guid: c3d7b34a3bb2d4e4b926e7e729d3d410, type: 3}
  m_Name: 
  m_EditorClassIdentifier: 
--- !u!114 &1692877713
MonoBehaviour:
  m_ObjectHideFlags: 0
  m_PrefabParentObject: {fileID: 11400002, guid: 1ecd8f7d2204349608a38751d7098c6f,
    type: 2}
  m_PrefabInternal: {fileID: 815022311}
  m_GameObject: {fileID: 1692877710}
  m_Enabled: 1
  m_EditorHideFlags: 0
  m_Script: {fileID: 11500000, guid: d08f91df3bd212f429df17f53ce2f364, type: 3}
  m_Name: 
  m_EditorClassIdentifier: 
  maxSpeed: 4
  jumpForce: 500
  crouchSpeed: .300000012
  airControl: 1
  whatIsGround:
    serializedVersion: 2
    m_Bits: 4294966527
  grounded: 0
--- !u!50 &1692877714
Rigidbody2D:
  m_ObjectHideFlags: 0
  m_PrefabParentObject: {fileID: 5000000, guid: 1ecd8f7d2204349608a38751d7098c6f,
    type: 2}
  m_PrefabInternal: {fileID: 815022311}
  m_GameObject: {fileID: 1692877710}
  m_Mass: 1
  m_LinearDrag: 0
  m_AngularDrag: .0500000007
  m_GravityScale: 3
  m_FixedAngle: 1
  m_IsKinematic: 0
  m_Interpolate: 1
  m_SleepingMode: 1
  m_CollisionDetection: 0
--- !u!58 &1692877715
CircleCollider2D:
  m_ObjectHideFlags: 0
  m_PrefabParentObject: {fileID: 5800000, guid: 1ecd8f7d2204349608a38751d7098c6f,
    type: 2}
  m_PrefabInternal: {fileID: 815022311}
  m_GameObject: {fileID: 1692877710}
  m_Enabled: 1
  m_Material: {fileID: 0}
  m_IsTrigger: 0
  m_Radius: .159999996
  m_Center: {x: 0, y: -.219999999}
--- !u!95 &1692877716
Animator:
  serializedVersion: 3
  m_ObjectHideFlags: 0
  m_PrefabParentObject: {fileID: 9500000, guid: 1ecd8f7d2204349608a38751d7098c6f,
    type: 2}
  m_PrefabInternal: {fileID: 815022311}
  m_GameObject: {fileID: 1692877710}
  m_Enabled: 1
  m_Avatar: {fileID: 0}
  m_Controller: {fileID: 9100000, guid: bc4b0fdacd5e644a99497794d96ccac5, type: 2}
  m_CullingMode: 0
  m_UpdateMode: 1
  m_ApplyRootMotion: 0
  m_HasTransformHierarchy: 1
  m_AllowConstantClipSamplingOptimization: 1
--- !u!212 &1692877717
SpriteRenderer:
  m_ObjectHideFlags: 0
  m_PrefabParentObject: {fileID: 21200000, guid: 1ecd8f7d2204349608a38751d7098c6f,
    type: 2}
  m_PrefabInternal: {fileID: 815022311}
  m_GameObject: {fileID: 1692877710}
  m_Enabled: 1
  m_CastShadows: 0
  m_ReceiveShadows: 0
  m_LightmapIndex: 255
  m_LightmapTilingOffset: {x: 1, y: 1, z: 0, w: 0}
  m_Materials:
  - {fileID: 10754, guid: 0000000000000000e000000000000000, type: 0}
  m_SubsetIndices: 
  m_StaticBatchRoot: {fileID: 0}
  m_UseLightProbes: 0
  m_LightProbeAnchor: {fileID: 0}
  m_ScaleInLightmap: 1
  m_SortingLayerID: 1854880115
  m_SortingOrder: 0
  m_Sprite: {fileID: 21300000, guid: 094c2d1e83f0b4a53847993f46faccb2, type: 3}
  m_Color: {r: 1, g: 1, b: 1, a: 1}
--- !u!4 &1692877718
Transform:
  m_ObjectHideFlags: 0
  m_PrefabParentObject: {fileID: 400006, guid: 1ecd8f7d2204349608a38751d7098c6f, type: 2}
  m_PrefabInternal: {fileID: 815022311}
  m_GameObject: {fileID: 1692877710}
  m_LocalRotation: {x: 0, y: 0, z: 0, w: 1}
  m_LocalPosition: {x: 0, y: -.75, z: 0}
  m_LocalScale: {x: 2, y: 2, z: 2}
  m_Children:
  - {fileID: 1286884721}
  - {fileID: 123131989}
  - {fileID: 14523694}
  - {fileID: 136992491}
  m_Father: {fileID: 0}
  m_RootOrder: 0
--- !u!114 &1692877719
MonoBehaviour:
  m_ObjectHideFlags: 0
  m_PrefabParentObject: {fileID: 11400010, guid: 1ecd8f7d2204349608a38751d7098c6f,
    type: 2}
  m_PrefabInternal: {fileID: 815022311}
  m_GameObject: {fileID: 1692877710}
  m_Enabled: 1
  m_EditorHideFlags: 0
  m_Script: {fileID: 11500000, guid: 6a69887cda6174b8c93e048f200fed74, type: 3}
  m_Name: 
  m_EditorClassIdentifier: 
  walkSounds:
  - {fileID: 8300000, guid: a5bba652a47404e8a90e1ab838af7bb8, type: 3}
  - {fileID: 8300000, guid: ad2cf5cc2f09a4cdaadc458d9760275c, type: 3}
  - {fileID: 8300000, guid: 4ff52b689844f44ea8cc7b78b9cafde4, type: 3}
  minSpeed: .300000012
  audioStepLength: .5
--- !u!114 &1692877720
MonoBehaviour:
  m_ObjectHideFlags: 0
  m_PrefabParentObject: {fileID: 11400006, guid: 1ecd8f7d2204349608a38751d7098c6f,
    type: 2}
  m_PrefabInternal: {fileID: 815022311}
  m_GameObject: {fileID: 1692877710}
  m_Enabled: 1
  m_EditorHideFlags: 0
  m_Script: {fileID: 11500000, guid: 73ba53f0a8628416589fa2b67515429f, type: 3}
  m_Name: 
  m_EditorClassIdentifier: 
  eventMessageTag: reset position
  timeBeforeReset: 1
--- !u!114 &1692877721
MonoBehaviour:
  m_ObjectHideFlags: 0
  m_PrefabParentObject: {fileID: 11400008, guid: 1ecd8f7d2204349608a38751d7098c6f,
    type: 2}
  m_PrefabInternal: {fileID: 815022311}
  m_GameObject: {fileID: 1692877710}
  m_Enabled: 1
  m_EditorHideFlags: 0
  m_Script: {fileID: 11500000, guid: 9dde67cd38c0b44f88b01311af7a41ee, type: 3}
  m_Name: 
  m_EditorClassIdentifier: 
  maxYPosition: -100
  eventMessageTag: reset position
  sendEventToMe: 1
  sendEventToOtherObj:
  - {fileID: 0}
--- !u!82 &1692877722
AudioSource:
  m_ObjectHideFlags: 0
  m_PrefabParentObject: {fileID: 8200000, guid: 1ecd8f7d2204349608a38751d7098c6f,
    type: 2}
  m_PrefabInternal: {fileID: 815022311}
  m_GameObject: {fileID: 1692877710}
  m_Enabled: 1
  serializedVersion: 3
  m_audioClip: {fileID: 0}
  m_PlayOnAwake: 0
  m_Volume: 1
  m_Pitch: 1
  Loop: 0
  Mute: 0
  Priority: 128
  DopplerLevel: 1
  MinDistance: 1
  MaxDistance: 500
  Pan2D: 0
  rolloffMode: 0
  BypassEffects: 0
  BypassListenerEffects: 0
  BypassReverbZones: 0
  rolloffCustomCurve:
    serializedVersion: 2
    m_Curve:
    - time: 0
      value: 1
      inSlope: 0
      outSlope: 0
      tangentMode: 0
    - time: 1
      value: 0
      inSlope: 0
      outSlope: 0
      tangentMode: 0
    m_PreInfinity: 2
    m_PostInfinity: 2
  panLevelCustomCurve:
    serializedVersion: 2
    m_Curve:
    - time: 0
      value: 1
      inSlope: 0
      outSlope: 0
      tangentMode: 0
    m_PreInfinity: 2
    m_PostInfinity: 2
  spreadCustomCurve:
    serializedVersion: 2
    m_Curve:
    - time: 0
      value: 0
      inSlope: 0
      outSlope: 0
      tangentMode: 0
    m_PreInfinity: 2
    m_PostInfinity: 2
--- !u!1 &1728374539
GameObject:
  m_ObjectHideFlags: 0
  m_PrefabParentObject: {fileID: 0}
  m_PrefabInternal: {fileID: 0}
  serializedVersion: 4
  m_Component:
  - 4: {fileID: 1728374540}
  - 212: {fileID: 1728374541}
  m_Layer: 0
  m_Name: City-1
  m_TagString: Untagged
  m_Icon: {fileID: 0}
  m_NavMeshLayer: 0
  m_StaticEditorFlags: 0
  m_IsActive: 1
--- !u!4 &1728374540
Transform:
  m_ObjectHideFlags: 0
  m_PrefabParentObject: {fileID: 0}
  m_PrefabInternal: {fileID: 0}
  m_GameObject: {fileID: 1728374539}
  m_LocalRotation: {x: 0, y: 0, z: 0, w: 1}
  m_LocalPosition: {x: 5.33738518, y: 7.30184269, z: -1}
  m_LocalScale: {x: 6, y: 6, z: 1}
  m_Children: []
  m_Father: {fileID: 747842954}
  m_RootOrder: 0
--- !u!212 &1728374541
SpriteRenderer:
  m_ObjectHideFlags: 0
  m_PrefabParentObject: {fileID: 0}
  m_PrefabInternal: {fileID: 0}
  m_GameObject: {fileID: 1728374539}
  m_Enabled: 1
  m_CastShadows: 0
  m_ReceiveShadows: 0
  m_LightmapIndex: 255
  m_LightmapTilingOffset: {x: 1, y: 1, z: 0, w: 0}
  m_Materials:
  - {fileID: 10754, guid: 0000000000000000e000000000000000, type: 0}
  m_SubsetIndices: 
  m_StaticBatchRoot: {fileID: 0}
  m_UseLightProbes: 0
  m_LightProbeAnchor: {fileID: 0}
  m_ScaleInLightmap: 1
  m_SortingLayerID: 2669325243
  m_SortingOrder: -1
  m_Sprite: {fileID: 21300000, guid: 67a0d39458393491a917b9ceaa5d35b9, type: 3}
  m_Color: {r: 1, g: 1, b: 1, a: 1}
--- !u!1 &1796074122
GameObject:
  m_ObjectHideFlags: 0
  m_PrefabParentObject: {fileID: 0}
  m_PrefabInternal: {fileID: 0}
  serializedVersion: 4
  m_Component:
  - 4: {fileID: 1796074123}
  - 212: {fileID: 1796074124}
  m_Layer: 0
  m_Name: City-2
  m_TagString: Untagged
  m_Icon: {fileID: 0}
  m_NavMeshLayer: 0
  m_StaticEditorFlags: 0
  m_IsActive: 1
--- !u!4 &1796074123
Transform:
  m_ObjectHideFlags: 0
  m_PrefabParentObject: {fileID: 0}
  m_PrefabInternal: {fileID: 0}
  m_GameObject: {fileID: 1796074122}
  m_LocalRotation: {x: 0, y: 0, z: 0, w: 1}
  m_LocalPosition: {x: 5.33738518, y: 5.8006072, z: -2}
  m_LocalScale: {x: -6, y: 6, z: 1}
  m_Children: []
  m_Father: {fileID: 747842954}
  m_RootOrder: 1
--- !u!212 &1796074124
SpriteRenderer:
  m_ObjectHideFlags: 0
  m_PrefabParentObject: {fileID: 0}
  m_PrefabInternal: {fileID: 0}
  m_GameObject: {fileID: 1796074122}
  m_Enabled: 1
  m_CastShadows: 0
  m_ReceiveShadows: 0
  m_LightmapIndex: 255
  m_LightmapTilingOffset: {x: 1, y: 1, z: 0, w: 0}
  m_Materials:
  - {fileID: 10754, guid: 0000000000000000e000000000000000, type: 0}
  m_SubsetIndices: 
  m_StaticBatchRoot: {fileID: 0}
  m_UseLightProbes: 0
  m_LightProbeAnchor: {fileID: 0}
  m_ScaleInLightmap: 1
  m_SortingLayerID: 2669325243
  m_SortingOrder: -2
  m_Sprite: {fileID: 21300000, guid: 67a0d39458393491a917b9ceaa5d35b9, type: 3}
  m_Color: {r: .558823526, g: .558823526, b: .558823526, a: 1}
